<collection xmlns="http://www.loc.gov/MARC21/slim">
<record>
  <leader>00856nam0a22001931i 450 </leader>
  <controlfield tag="001">IT\ICCU\CNCE\055692</controlfield>
  <controlfield tag="005">20040508000000.0</controlfield>
  <datafield tag="100" ind1=" " ind2=" ">
    <subfield code="a">20040213f1600        0itac0103    ba</subfield>
  </datafield>
  <datafield tag="101" ind1=" " ind2=" ">
    <subfield code="a">ITA</subfield>
  </datafield>
  <datafield tag="102" ind1=" " ind2=" ">
    <subfield code="a">IT</subfield>
  </datafield>
  <datafield tag="200" ind1="1" ind2=" ">
    <subfield code="a">Rime spirituali di diversi. Nuouamente date in luce, per Angelo da Contiliano</subfield>
  </datafield>
  <datafield tag="210" ind1=" " ind2=" ">
    <subfield code="a">Stampata in Roma e ristampata in Oruieto</subfield>
    <subfield code="d">\1600!</subfield>
  </datafield>
  <datafield tag="300" ind1=" " ind2=" ">
    <subfield code="a">Stampata da Antonio Colaldi, cfr.: Agostino e Antonio Colaldi di Cittaducale. In: Bullettino della deputazione abruzzese di storia patria, a. 42-43. serie 6, 1958, p. 140</subfield>
  </datafield>
  <datafield tag="620" ind1=" " ind2=" ">
    <subfield code="a">IT</subfield>
    <subfield code="d">Orvieto</subfield>
  </datafield>
  <datafield tag="702" ind1=" " ind2="0">
    <subfield code="a">Angelo</subfield>
    <subfield code="c"> : da#Contigliano</subfield>
    <subfield code="3">IT\ICCU\CNCA\017286</subfield>
  </datafield>
  <datafield tag="712" ind1="0" ind2="0">
    <subfield code="a">Colaldi, Antonio</subfield>
    <subfield code="3">IT\ICCU\CNCT\000832</subfield>
    <subfield code="4">650</subfield>
  </datafield>
  <datafield tag="791" ind1="0" ind2="0">
    <subfield code="a">Colaldus, Antonius</subfield>
    <subfield code="3">IT\ICCU\CNCT\004630</subfield>
    <subfield code="z">Colaldi, Antonio</subfield>
  </datafield>
  <datafield tag="791" ind1="0" ind2="0">
    <subfield code="a">Colaldo, Antonio</subfield>
    <subfield code="3">IT\ICCU\CNCT\004631</subfield>
    <subfield code="z">Colaldi, Antonio</subfield>
  </datafield>
  <datafield tag="801" ind1=" " ind2="3">
    <subfield code="a">IT</subfield>
    <subfield code="b">ICCU</subfield>
    <subfield code="c">20201115</subfield>
  </datafield>
</record>
</collection>
